
@patent{Ghizzoni:2004,
  author={Ghizzoni, A.},
  title={Method for injecting code into another process},
  nationality={United States},
  number ={6698016},
  day ={24},
  month={2},
  year={2004},
  url={https://patents.justia.com/patent/6698016}
}

@inproceedings{Holub:2018,
author = {Holub, Artsiom and O'Connor, Jeremiah},
year = {2018},
month = {05},
pages = {1-5},
title = {COINHOARDER: Tracking a ukrainian bitcoin phishing ring DNS style},
doi = {10.1109/ECRIME.2018.8376207}
}

@ONLINE{Phan:2021,
  author={Phan, T.},
  title={Did the FBI Hack Bitcoin? Deconstructing the Colonial Pipeline Ransom},
  url={https://www.isaca.org/resources/news-and-trends/isaca-now-blog/2021/did-the-fbi-hack-bitcoin-deconstructing-the-colonial-pipeline-ransom},
  publisher={Zero Friction LLC},
  month={7},
  year={2021}
}

@inproceedings{Mausud:2021,
author = {Masud, Zaki and Hassan, Aslinda and Md Shah, Wahidah and Abdul-Latip, Shekh Faisal and Ahmad, Rabiah and Ariffin, Aswami and Yunos, Zahri},
year = {2021},
month = {01},
pages = {1-6},
title = {A Review of Digital Forensics Framework for Blockchain in Cryptocurrency Technology},
doi = {10.1109/CRC50527.2021.9392563}
}

@INPROCEEDINGS{Salisu:2023,
  author={Salisu, S. and Filipov, V.},
  booktitle={Proceedings of the 18th International Conference on Cyber Warfare and Security},
  title={Blockchain Forensics: A Modern Approach to Investigating Cybercrime in the Age of Decentralisation},
  year={2023},
  volume={18},
  number={1},
  pages={},
  doi={10.34190/iccws.18.1.947}
}

@ARTICLE{Tironsakkul:2022,
	author = {Tironsakkul, T.},
	title = {Behind the Chain of Obscurity: Methodologies for Cryptocurrency Forensic Analysis},
	journal = {Journal title},
	year = {2022},
	month = {3},
	publisher = {Publisher}
}

@article{Vanderhorst:2017,
author = {van der Horst, Luuc and Choo, Kim-Kwang Raymond and Le-Khac, Nhien-An},
year = {2017},
month = {10},
pages = {1-1},
title = {Process Memory Investigation of the Bitcoin Clients Electrum and Bitcoin Core},
volume = {PP},
journal = {IEEE Access},
doi = {10.1109/ACCESS.2017.2759766}
}

@INPROCEEDINGS{Young:2021,
  author={Young, Edward Henry and Chrysoulas, Christos and Pitropakis, Nikolaos and Papadopoulos, Pavlos and Buchanan, William J},
  booktitle={2021 International Conference on Data Analytics for Business and Industry (ICDABI)}, 
  title={Evaluating Tooling and Methodology when Analysing Bitcoin Mixing Services After Forensic Seizure}, 
  year={2021},
  volume={},
  number={},
  pages={650-654},
  doi={10.1109/ICDABI53623.2021.9655843}
}


@article{Zollner:2019,
    author = {Zollner, Stephan and Choo, Kim-Kwang Raymond and Le-Khac, Nhien-An},
    year = {2019},
    month = {10},
    pages = {},
    title = {An Automated Live Forensic and Postmortem Analysis Tool for Bitcoin on Windows Systems},
    volume = {PP},
    journal = {IEEE Access},
    doi = {10.1109/ACCESS.2019.2948774}
}

@BOOK{Smith:2023qr,
	title = {{B}ook {T}itle},
	publisher = {Publisher},
	author = {Smith, J.~M. and Jones, A.~B.},
	year = {2023},
	edition = {7th},
}

@ARTICLE{Smith:2024jd,
	author = {Jones, A.~B. and Smith, J.~M.},
	title = {{A}rticle {T}itle},
	journal = {Journal title},
	year = {2024},
	volume = {13},
	pages = {123-456},
	number = {52}, 
	month = {3},
	publisher = {Publisher},
	doi = {10.1038/s41586-021-03616-x},
}